@misc{abesco1,
  author = {ABESCO},
  title = {O que é Eficiência Energética? (EE)},
  year = 2015,
  howpublished = {Disponível em:\url{http://www.abesco.com.br/pt/o-que-e-eficiencia-energetica-ee/}},
  note = {Acessado em: 12/09/2017},
}
@misc{aneel1,
  author = {ANEEL},
  title = {Programa de Eficiência Energética},
  year = 2015,
  howpublished = {Disponível em:\url{http://www.aneel.gov.br/programa-eficiencia-energetica}},
  note = {Acessado em: 12/09/2017},
}
@manual{santos1,
	title		= {Análise da eficiência energética, ambiental e econômica entre lâmpadas de LED e convencionais},
	author		= {Talía S. Santos , Marília C. Batista, Simone A. Pozza , Luciana S. Rossi},
	organization	= {Unicamp},
	adress = {Rio de Janeiro, Brasil},
	year = {2015},
}
@misc{portalsol1,
  author = {Portal Solar},
  title = {TIPOS DE PAINEL SOLAR FOTOVOLTAICO},
  howpublished = {Disponível em: \url{http://www.portalsolar.com.br/tipos-de-painel-solar-fotovoltaico.html}},
  note = {Acessado em: 12/09/2017},
}
@misc{ultrasom1,
  author = {Philips},
  title = {CX50 xMATRIX
Ultrassom Portátil},
  howpublished = {Disponível em: \url{https://www.philips.com.br/healthcare/product/HC795076/sistema-de-ultrassom-compactxtreme-cx50.html}},
  note = {Acessado em: 10/09/2017},
}
@MastersThesis{bracomec,
author = {Luis F. de Oliveira Mello Nunes},
title = {Projeto e fabricação de um braço mecânico para ultrassom médico},
school = {UFRJ/ESCOLA POLITÉCNICA},
year = {2015},
type = {Projeto de graduação},
address = {Rio de Janeiro, Brasil},
}
@misc{ultrasom2,
  author = {Richard S. Dargan},
  title = {Telerobotic Ultrasound May Revolutionize Telemedicine},
  year = {2015},
  howpublished = {http://www.rsna.org/News.aspx?id=17929/}},
  note = {Acessado em: 13/09/2017},
}
@article{mathiassen-frontiers2016,
   author = {Kim Mathiassen and J{\o}rgen Enger Fjellin and Kyrre Glette
	and Per Kristian Hol and Ole Jakob Elle},
   title = {An Ultrasound Robotic System Using the Commercial Robot {UR5}},
   journal = {Frontiers in Robotics and AI},
   volume = {3},
   number = {1},
   year = {2016},
   issn = {2296-9144},
}
@article{pierrot1999hippocrate,
  title={Hippocrate: A safe robot arm for medical applications with force feedback},
  author={Pierrot, Fran{\c{c}}ois and Dombre, Etienne and D{\'e}goulange, Eric and Urbain, Lo{\"\i}c and Caron, Pierre and Boudet, Sylvie and Gari{\'e}py, J{\'e}rome and M{\'e}gnien, Jean-Louis},
  journal={Medical image analysis},
  volume={3},
  number={3},
  pages={285--300},
  year={1999},
  publisher={Elsevier},
}
@misc{djangoframe, 
title={Django REST Framework}, 
url={http://www.django-rest-framework.org/}, 
journal={ Django REST framework}, author={Christie, Tom}
}
@article{moreto2007controle,
  title={CONTROLE DE SERVOMOTOR},
  author={Moreto, Marcelo},
  year={2007},
}
@manual{fanuc,
Author = {FANUC},
Title = {Servo Motor},
Year = {1998},
}
@Book{maquinasele,
author = {FITZGERALD, A. E.; KINGSLEY JR., Charles;KUSKO, Alexander},
title = {Maquinas elétricas},
publisher = {McGraw-Hill},
year = {1975-1978},
address = {São Paulo},
}
@manual{inmetro2003,
Author = {INMETRO},
Title = {Vocabulário internacional de termos fundamentais e gerais de
metrologia},
Year = {2013},
Address = {Rio de Janeiro, Brasil},
Pages = {75},
isbn = {85-87090-90-9},
}
@inproceedings{soviero1997,
Author = {P. A. O. Soviero and L. G. M. Lavagna},
Title = {A Numerical Model for Thin Airfoils in Unsteady Motion},
Year = {1997},
Pages = {332-340},
Volume = {19},
Number = {3},
Booktitle = {Journal of the Brazilian Societyt Mechanical Sciences},
}
@inproceedings{sparrow1980,
Author = {E. M. Sparrow},
Title = {Forced Convection Heat Transfer in a Duct Having Spanwise-Periodic
Rectangular Protuberances},
Year = {1980},
Pages = {149-167},
Volume = {3},
Booktitle = {Numerical Heat Transfer},
}
@article{clark1986,
Author = {J. A. Clark},
Title = {Private Communication},
Year = {1986},
Address = {University of Michigan},
}
@article{arruda2007,
Author = {M. B. B. Arruda},
Title = {Como fazer referências: bibliográficas, eletrônicas e demais
formas de documentos},
Year = {2007},
Url = {http://bu.ufsc.br/framerefer.html},
}
@article{coimbra1978,
Author = {A. L. Coimbra},
Title = {Lessons of Continuum Mechanics},
Year = {1978},
Address = {São Paulo, Brazil},
Pages = {428},
Editor = {Edgard Blücher},
}
@inproceedings{bordalo1989,
Author = {S. N. Bordalo and J. H. Ferziger and S. J. Kline},
Title = {The Development of Zonal Models for Turbulence},
Year = {1989},
Pages = {41-44},
Booktitle = {Proceedings of the 10th Brazilian Congress of Mechanical
Engineering},
Volume = {1},
}
@manual{NBR14724:2011,
Address = {Rio de Janeiro},
Date-Added = {2012-12-15 20:34:08 +0000},
Date-Modified = {2012-12-15 20:35:25 +0000},
Month = mar,
Org-Short = {ABNT},
Organization = {Associa{\c c}\~ao Brasileira de Normas T\'ecnicas},
Pages = 15,
Subtitle = {Informa{\c c}\~ao e documenta{\c c}\~ao --- trabalhos acad\^emicos --- apresenta{\c c}\~ao},
Title = {{NBR} 14724},
Year = 2011
}
@manual{NBR6034:2000,
Address = {Rio de Janeiro},
Org-Short = {ABNT},
Organization = {Associa{\c c}\~ao Brasileira de Normas T\'ecnicas},
Subtitle = {Informa{\c c}\~ao e documenta{\c c}\~ao --- Referências},
Title = {{NBR} 14724},
Year = 2000
}